@InProceedings{AutoWEKA,
	author =   {Chris Thornton and Frank Hutter and Holger Hoos and Kevin Leyton-Brown},
	title =  {Auto-{WEKA}: Combined Selection and Hyperparameter Optimization of Classification Algorithms},
	booktitle = {Proc.~of KDD-2013},
	year = {2013},
	pages = {847-855},
	url = {https://www.cs.ubc.ca/labs/beta/Projects/autoweka/papers/autoweka.pdf}
}

@InProceedings{sklearn,
	author =   {Fabian Pedregosa and Gael Varoquaux and Alexandre Gramfort and Vincent Michel and Bertrand Thirion and et. al},
	title =  {Scikit-learn: Machine Learning in Python},
	booktitle = {The Journal of Machine Learning Research},
	year = {2011},
	pages = {2825-2830},
	url = {https://scikit-learn.org/}
}

@misc{michelangelo, 
	title={Meet Michelangelo: Uber's Machine Learning Platform}, 
	author= {Jeremy Hermann and Mike Del Balso},
	url={https://eng.uber.com/michelangelo/}, 
	journal={Uber Engineering Blog}, 
	year={2019}, 
	month={Jan}
}

@misc{NNrankings, 
	title={Deep Learning Framework Power Scores 2018}, 
	author= {Jeff Hale},
	url={https://towardsdatascience.com/deep-learning-framework-power-scores-2018-23607ddf297a}, 
	journal={Towards Data Science}, 
	year={2018}, 
	month={Sept}
}

@article{Caffe,
	Author = {Jia, Yangqing and Shelhamer, Evan and Donahue, Jeff and Karayev, Sergey and Long, Jonathan and Girshick, Ross and Guadarrama, Sergio and Darrell, Trevor},
	Journal = {arXiv preprint arXiv:1408.5093},
	Title = {Caffe: Convolutional Architecture for Fast Feature Embedding},
	Year = {2014}
}

@misc{PyTorch, 
	title={PyTorch GitHub}, 
	author= {Adam Paszke},
	url={https://github.com/pytorch/pytorch}, 
	year={2016}
}

@misc{TensorFlow, 
	title={TensorFlow GitHub}, 
	author= {{Google Brain}},
	url={https://github.com/tensorflow/tensorflow}, 
	year={2015}
}

@misc{WOLFprojectreport, 
	title={WOLF: machine learning WOrk fLow management Framework}, 
	author= {Pranav Bahl},
	year={2016}, 
	month={December}
}

@misc{WOLFpresentation, 
	title={WOLF: Machine Learning WOrkfLow Management Framework}, 
	author= {Xiaoli Li and Sohaib Kiani and Pranav Bahl and Casey Sader and Jun Huan},
	url={http://cci.drexel.edu/bigdata/bigdata2017/files/Tutorial3.pdf}, 
	journal={2017 IEEE International Conference on Big Data}, 
	year={2017}, 
	month={December},
	location={Boston, MA}
}

@misc{WOLFpaper, 
	title={WOLF: Machine Learning Workflow Management Framework}, 
	author= {Sohaib Kiani and Xiaoli Li  and Pranav Bahl and Casey Sader and Jun Huan},
	year={2017}, 
	month={December}
}

@misc{eli5, 
	title={Eli5}, 
	author= {Mikhail Korobov and Konstantin Lopuhin},
	url={https://eli5.readthedocs.io/en/latest/overview.html},  
	year={2016}
}

@misc{UCIdata,
	author = {Dua, Dheeru and Graff, Casey},
	year = {2017},
	title = {{UCI} Machine Learning Repository},
	url = {http://archive.ics.uci.edu/ml},
	institution = {University of California, Irvine, School of Information and Computer Sciences} 
}

@article{leaveoneout,
	title={Efficient leave-one-out strategy for supervised feature selection},
	author={Feng, Dingcheng and Chen, Feng and Xu, Wenli},
	journal={Tsinghua Science and Technology},
	volume={18},
	number={6},
	pages={629--635},
	year={2013},
	publisher={TUP}
}

@misc{keras,
	title={Keras},
	author={Chollet, Fran\c{c}ois and others},
	year={2015},
	howpublished={\url{https://keras.io}},
}

@misc{KerasTutorial, 
	title={Develop Your First Neural Network in Python With Keras Step-By-Step}, 
	author= {Jason Brownlee},
	url={https://machinelearningmastery.com/tutorial-first-neural-network-python-keras/}, 
	journal={Machine Learning Mastery}, 
	year={2016}, 
	month={May}
}

@book{HandsOn,
	author = {Gron, Aurlien},
	title = {Hands-On Machine Learning with Scikit-Learn and TensorFlow: Concepts, Tools, and Techniques to Build Intelligent Systems},
	pages={214},
	year = {2017},
	isbn = {1491962291, 9781491962299},
	edition = {1st},
	publisher = {O'Reilly Media, Inc.},
} 

@article{Interpretable,
	author    = {Zachary Chase Lipton},
	title     = {The Mythos of Model Interpretability},
	journal   = {CoRR},
	volume    = {abs/1606.03490},
	year      = {2016},
	url       = {http://arxiv.org/abs/1606.03490},
	archivePrefix = {arXiv},
	eprint    = {1606.03490},
}

@misc{Docker, 
	title={Docker Documentation}, 
	author= {{Docker Inc.}},
	url={https://docs.docker.com/}, 
	year={2019}, 
}